<?xml version="1.0" encoding="UTF-8"?><record xmlns="http://www.loc.gov/MARC21/slim" xmlns:cinclude="http://apache.org/cocoon/include/1.0" xmlns:zs="http://www.loc.gov/zing/srw/">
  <leader>00763cz  a2200181n  4500</leader>
  <controlfield tag="001">no2014016890</controlfield>
  <controlfield tag="003">DLC</controlfield>
  <controlfield tag="005">20140301073857.0</controlfield>
  <controlfield tag="008">140206n| azannaabn          |a aaa     c</controlfield>
  <datafield tag="010" ind1=" " ind2=" ">
    <subfield code="a">no2014016890</subfield>
  </datafield>
  <datafield tag="035" ind1=" " ind2=" ">
    <subfield code="a">(OCoLC)oca09677486</subfield>
  </datafield>
  <datafield tag="040" ind1=" " ind2=" ">
    <subfield code="a">UPB</subfield>
    <subfield code="b">eng</subfield>
    <subfield code="e">rda</subfield>
    <subfield code="c">UPB</subfield>
    <subfield code="d">UPB</subfield>
  </datafield>
  <datafield tag="046" ind1=" " ind2=" ">
    <subfield code="k">1983</subfield>
  </datafield>
  <datafield tag="100" ind1="1" ind2=" ">
    <subfield code="a">Sterling, Bruce.</subfield>
    <subfield code="t">Red star, winter orbit</subfield>
  </datafield>
  <datafield tag="380" ind1=" " ind2=" ">
    <subfield code="a">Short stories</subfield>
    <subfield code="a">Science fiction</subfield>
    <subfield code="2">lcsh</subfield>
  </datafield>
  <datafield tag="400" ind1="1" ind2=" ">
    <subfield code="a">Gibson, William,</subfield>
    <subfield code="d">1948-</subfield>
    <subfield code="t">Red star, winter orbit</subfield>
  </datafield>
  <datafield tag="670" ind1=" " ind2=" ">
    <subfield code="a">MegaSF, 1990:</subfield>
    <subfield code="b">table of contents (Rode ster, winterse omploopbaan = Red star, winter orbit; by Bruce Sterling and William Gibson)</subfield>
  </datafield>
  <datafield tag="670" ind1=" " ind2=" ">
    <subfield code="a">Internet speculative fiction database, 6 February 2014</subfield>
    <subfield code="b">(Red star, winter orbit; by Bruce Sterling and William Gibson; short story first published 1983)</subfield>
  </datafield>
</record>